<?xml version="1.0" encoding="UTF-8"?>
<collection xmlns:xsi="http://www.w3.org/2001/XMLSchema-instance" xsi:schemaLocation="http://www.loc.gov/MARC21/slim http://www.loc.gov/standards/marcxml/schema/MARC21slim.xsd" xmlns="http://www.loc.gov/MARC21/slim">
<record>
  <leader>00860cam a22002531  4500</leader>
  <controlfield tag="001">3235918</controlfield>
  <controlfield tag="003">NNC</controlfield>
  <controlfield tag="005">20130426153324.0</controlfield>
  <controlfield tag="008">890720s1910    ua            000 0 ara d</controlfield>
  <datafield tag="035" ind1=" " ind2=" ">
    <subfield code="a">(OCoLC)ocm20047079</subfield>
  </datafield>
  <datafield tag="035" ind1=" " ind2=" ">
    <subfield code="9">AUK8834CU</subfield>
  </datafield>
  <datafield tag="035" ind1=" " ind2=" ">
    <subfield code="a">(NNC)3235918</subfield>
  </datafield>
  <datafield tag="040" ind1=" " ind2=" ">
    <subfield code="a">EYW</subfield>
    <subfield code="c">EYW</subfield>
    <subfield code="d">ZCU</subfield>
  </datafield>
  <datafield tag="041" ind1="0" ind2=" ">
    <subfield code="a">araeng</subfield>
  </datafield>
  <datafield tag="099" ind1=" " ind2=" ">
    <subfield code="a">893.72</subfield>
    <subfield code="a">K18</subfield>
  </datafield>
  <datafield tag="100" ind1="1" ind2=" ">
    <subfield code="a">Ibn Fāris al-Qazwīnī, Aḥmad,</subfield>
    <subfield code="d">active 10th century.</subfield>
  </datafield>
  <datafield tag="245" ind1="1" ind2="3">
    <subfield code="a">al-Ṣāḥibī fī fiqh al-lughah wa-sunan al-ʻArab fi kalāmihā.</subfield>
  </datafield>
  <datafield tag="260" ind1=" " ind2=" ">
    <subfield code="a">al-Qahirah,</subfield>
    <subfield code="b">al-Maktabah al-Salifiyah</subfield>
    <subfield code="c">[1910]</subfield>
  </datafield>
  <datafield tag="300" ind1=" " ind2=" ">
    <subfield code="a">5, 245 p.</subfield>
    <subfield code="c">25 cm.</subfield>
  </datafield>
  <datafield tag="500" ind1=" " ind2=" ">
    <subfield code="a">Has also cover title in English: Assahiby; a treatise of the literature, lexicology and syntax of the Arabic language, by Ahmed-ibn-Faris ... 1910.</subfield>
  </datafield>
  <datafield tag="650" ind1=" " ind2="0">
    <subfield code="a">Arabic language.</subfield>
  </datafield>
  <datafield tag="740" ind1="0" ind2=" ">
    <subfield code="a">Fiqh al-lughah.</subfield>
  </datafield>
  <datafield tag="740" ind1="0" ind2=" ">
    <subfield code="a">Assahiby.</subfield>
  </datafield>
  <datafield tag="955" ind1=" " ind2=" ">
    <subfield code="b">CU58976922</subfield>
    <subfield code="d">off,glx</subfield>
    <subfield code="e">893.72 K18</subfield>
  </datafield>
</record>
</collection>